<?xml version="1.0" encoding="UTF-8"?><collection xmlns="http://www.loc.gov/MARC21/slim"><record><leader>00416nam--2200169-u-4500</leader><controlfield tag="001">000051907</controlfield><controlfield tag="002">20161230</controlfield><controlfield tag="005">20170306150553</controlfield><controlfield tag="008">090422s1000------------r-----000-0-eng-d</controlfield><datafield ind1=" " ind2=" " tag="040"><subfield code="a">IFIN-HH</subfield></datafield><datafield ind1=" " ind2=" " tag="080"><subfield code="a">517.9</subfield></datafield><datafield ind1="1" ind2=" " tag="100"><subfield code="a">Nayfeh, Ali Hasan</subfield></datafield><datafield ind1="1" ind2="0" tag="245"><subfield code="a">Introduction to Perturbation Technique</subfield></datafield><datafield ind1=" " ind2=" " tag="260"><subfield code="a">New York</subfield><subfield code="b">John Wiley</subfield><subfield code="c">1981</subfield></datafield><datafield ind1=" " ind2=" " tag="300"><subfield code="a">519 p</subfield></datafield><datafield ind1=" " ind2=" " tag="852"><subfield code="a">72449</subfield><subfield code="c">517.9</subfield></datafield><datafield ind1=" " ind2=" " tag="CAT"><subfield code="a">SYS</subfield><subfield code="c">20170306</subfield><subfield code="h">150553</subfield></datafield></record></collection>